@BOOK{knuth:tb,
  author = "Donald K. Knuth",
  title = "The \TeX book",
  publisher = "Addison-Wesley",
  year = "1984",
}

@BOOK{leslie:dps,
  author = "Leslie Lamport",
  title = "\LaTeX: A document preparation system",
  publisher = "Addison-Wesley",
  year = "1994",
  edition = "2nd",
}

@BOOK{gms:tlc,
  author = "M~Goosens, F~Mittelbach and A~Samarin",
  title = "The \LaTeX Companion",
  publisher = "Addison-Wesley",
  year = "1994",
}

@BOOK{spivak:jot,
  author = "Michael Spivak",
  title = "The joy of \TeX",
  publisher = "American Mathematical Society",
  year = "1990",
  edition = "2nd",
  address = "Providence, R.I.",
}

@BOOK{bertin:psn,
  author = "M.~J.~Bertin et al",
  title = "Pisot and Salem Numbers",
  publisher = "user Verlag",
  address = "Berlin",
  year = "1992",
}

@TECHREPORT{poorten:sp,
  author = "Alf~J.~van der Poorten",
  title = "Some problems of recurrent interest",
  institution = "School of Mathematics and Physics,
                 Macquarie University",
  address = "North Ryde, Australia 2113",
  number = "81-0037",
  month = "August",
  year = "1981",
}
