% references.bib

@book{knuth1984texbook,
    author = {Donald K. Knuth},
    title = {The \TeX book},
    publisher = {Addison-Wesley},
    year = {1984},
}

@book{lamport1994latex,
    author = {Leslie Lamport},
    title = {\LaTeX: A document preparation system},
    publisher = {Addison-Wesley},
    year = {1994},
    edition = {2nd},
}

@book{goosens1994latex,
    author = {M~Goosens, F~Mittelbach and A~Samarin},
    title = {The \LaTeX{} Companion},
    publisher = {Addison-Wesley},
    year = {1994},
}
